<?xml version="1.0" encoding="UTF-8"?>
<SOAP-ENV:Envelope xmlns:SOAP-ENV="http://schemas.xmlsoap.org/soap/envelope/" xmlns:mx="http://www.loc.gov/MARC21/slim" xmlns:of="http://oss.dbc.dk/ns/openformat"><SOAP-ENV:Body><of:formatResponse><marc21><mx:record format="MARC21" type="Bibliographic"><mx:leader>00000njm a22000000c 4500</mx:leader><mx:controlfield tag="007">s|||||||||||||</mx:controlfield><mx:controlfield tag="008">020625s2002    xx ||||  d       | |eng|d</mx:controlfield><mx:datafield ind1="8" ind2=" " tag="024"><mx:subfield code="a">0605633110425</mx:subfield></mx:datafield><mx:datafield ind1="0" ind2="0" tag="028"><mx:subfield code="a">RGNET 1104 CD</mx:subfield><mx:subfield code="b">World Music Network</mx:subfield></mx:datafield><mx:datafield ind1="1" ind2=" " tag="029"><mx:subfield code="a">DKDLA</mx:subfield><mx:subfield code="b">870970-basis:24143627</mx:subfield></mx:datafield><mx:datafield ind1=" " ind2=" " tag="040"><mx:subfield code="a">DKDLA</mx:subfield><mx:subfield code="b">dan</mx:subfield><mx:subfield code="c">DKDLA</mx:subfield><mx:subfield code="e">kbsdb</mx:subfield></mx:datafield><mx:datafield ind1=" " ind2=" " tag="049"><mx:subfield code="a">DK-190101</mx:subfield></mx:datafield><mx:datafield ind1=" " ind2=" " tag="084"><mx:subfield code="a">78.7863</mx:subfield><mx:subfield code="2">z</mx:subfield></mx:datafield><mx:datafield ind1="0" ind2="0" tag="245"><mx:subfield code="a">The rough guide to the music of the Appalachians</mx:subfield><mx:subfield code="h">[lydoptagelse]:</mx:subfield><mx:subfield code="b">mountain music - bluegrass, old-time, folk &amp; gospel /</mx:subfield><mx:subfield code="c">compiled by Dan Rosenberg</mx:subfield></mx:datafield><mx:datafield ind1=" " ind2=" " tag="260"><mx:subfield code="a">London :</mx:subfield><mx:subfield code="b">World Music Network,</mx:subfield><mx:subfield code="c">p 2002</mx:subfield></mx:datafield><mx:datafield ind1=" " ind2=" " tag="300"><mx:subfield code="a">1 cd</mx:subfield></mx:datafield><mx:datafield ind1=" " ind2=" " tag="500"><mx:subfield code="a">På cd'en: Appalachians</mx:subfield></mx:datafield><mx:datafield ind1=" " ind2=" " tag="500"><mx:subfield code="a">Plademærke: World Music Network. Forlagsnummer: RGNET 1104 CD</mx:subfield></mx:datafield><mx:datafield ind1="8" ind2=" " tag="505"><mx:subfield code="a">Indhold: Lynch, Claire: God spoke his name -- Laurel Canyon Ramblers: Happy I'll be -- Vincent, Rhonda: My sweet love ain't around -- Adams, Tom: Box elder beetles -- Rowan, Peter: Wild geese cry again -- McCoury, Del: How long blues -- The Cox Family: Another lonesome morning -- Rice, Tony Tony Rice Unit: Jerusalem Ridge -- Blue Highway: Still climbing mountains -- Sparks, Larry: The old church yard -- Hawker, Ginny: My warfare will soon be over -- Stanley, Ralph: Two coats / Ralph Stanley &amp; the Clinch Mountain Boys -- Stefanini, Rafe: I've got no honey baby now -- Bluegrass Album Band: River of death -- Stephens, Jeremy: Hard times -- Thompson, Joe: Old corn liquor -- Blake, Norman: Hello stranger / Norman &amp; Nancy Blake -- Boggs, Dock: Wise county jail -- Shiflett, Karl: The trail of the ancients / Karl Shiflett &amp; Big Country Show</mx:subfield></mx:datafield><mx:datafield ind1=" " ind2="7" tag="655"><mx:subfield code="a">bluegrass</mx:subfield><mx:subfield code="y">1990-1999</mx:subfield><mx:subfield code="y">2000-2009</mx:subfield><mx:subfield code="z">USA</mx:subfield><mx:subfield code="z">Appalacherne</mx:subfield><mx:subfield code="2">z</mx:subfield></mx:datafield><mx:datafield ind1=" " ind2="7" tag="655"><mx:subfield code="a">country</mx:subfield><mx:subfield code="y">1990-1999</mx:subfield><mx:subfield code="y">2000-2009</mx:subfield><mx:subfield code="z">USA</mx:subfield><mx:subfield code="z">Appalacherne</mx:subfield><mx:subfield code="2">z</mx:subfield></mx:datafield><mx:datafield ind1=" " ind2="7" tag="655"><mx:subfield code="a">old time</mx:subfield><mx:subfield code="y">1990-1999</mx:subfield><mx:subfield code="y">2000-2009</mx:subfield><mx:subfield code="z">USA</mx:subfield><mx:subfield code="z">Appalacherne</mx:subfield><mx:subfield code="2">z</mx:subfield></mx:datafield><mx:datafield ind1=" " ind2="7" tag="655"><mx:subfield code="a">folkemusik</mx:subfield><mx:subfield code="y">1990-1999</mx:subfield><mx:subfield code="y">2000-2009</mx:subfield><mx:subfield code="z">USA</mx:subfield><mx:subfield code="z">Appalacherne</mx:subfield><mx:subfield code="2">z</mx:subfield></mx:datafield><mx:datafield ind1=" " ind2="7" tag="655"><mx:subfield code="a">folk</mx:subfield><mx:subfield code="y">1990-1999</mx:subfield><mx:subfield code="y">2000-2009</mx:subfield><mx:subfield code="z">USA</mx:subfield><mx:subfield code="z">Appalacherne</mx:subfield><mx:subfield code="2">z</mx:subfield></mx:datafield><mx:datafield ind1=" " ind2="7" tag="655"><mx:subfield code="a">vokal</mx:subfield><mx:subfield code="y">1990-1999</mx:subfield><mx:subfield code="y">2000-2009</mx:subfield><mx:subfield code="z">USA</mx:subfield><mx:subfield code="z">Appalacherne</mx:subfield><mx:subfield code="2">z</mx:subfield></mx:datafield><mx:datafield ind1=" " ind2="7" tag="655"><mx:subfield code="a">instrumental</mx:subfield><mx:subfield code="y">1990-1999</mx:subfield><mx:subfield code="y">2000-2009</mx:subfield><mx:subfield code="z">USA</mx:subfield><mx:subfield code="z">Appalacherne</mx:subfield><mx:subfield code="2">z</mx:subfield></mx:datafield><mx:datafield ind1="1" ind2=" " tag="700"><mx:subfield code="a">Rosenberg, Dan</mx:subfield></mx:datafield><mx:datafield ind1="1" ind2=" " tag="700"><mx:subfield code="a">Blake, Nancy</mx:subfield></mx:datafield><mx:datafield ind1="1" ind2=" " tag="700"><mx:subfield code="a">Lynch, Claire</mx:subfield><mx:subfield code="t">God spoke his name</mx:subfield></mx:datafield><mx:datafield ind1="1" ind2=" " tag="700"><mx:subfield code="a">Vincent, Rhonda</mx:subfield><mx:subfield code="t">My sweet love ain't around</mx:subfield></mx:datafield><mx:datafield ind1="1" ind2=" " tag="700"><mx:subfield code="a">Adams, Tom</mx:subfield><mx:subfield code="t">Box elder beetles</mx:subfield></mx:datafield><mx:datafield ind1="1" ind2=" " tag="700"><mx:subfield code="a">Rowan, Peter</mx:subfield><mx:subfield code="t">Wild geese cry again</mx:subfield></mx:datafield><mx:datafield ind1="1" ind2=" " tag="700"><mx:subfield code="a">McCoury, Del</mx:subfield><mx:subfield code="t">How long blues</mx:subfield></mx:datafield><mx:datafield ind1="1" ind2=" " tag="700"><mx:subfield code="a">Rice, Tony,</mx:subfield><mx:subfield code="b">Tony Rice Unit</mx:subfield><mx:subfield code="t">Jerusalem Ridge</mx:subfield></mx:datafield><mx:datafield ind1="1" ind2=" " tag="700"><mx:subfield code="a">Sparks, Larry</mx:subfield><mx:subfield code="t">The old church yard</mx:subfield></mx:datafield><mx:datafield ind1="1" ind2=" " tag="700"><mx:subfield code="a">Hawker, Ginny</mx:subfield><mx:subfield code="t">My warfare will soon be over</mx:subfield></mx:datafield><mx:datafield ind1="1" ind2=" " tag="700"><mx:subfield code="a">Stanley, Ralph</mx:subfield><mx:subfield code="t">Two coats / Ralph Stanley &amp; the Clinch Mountain Boys</mx:subfield></mx:datafield><mx:datafield ind1="1" ind2=" " tag="700"><mx:subfield code="a">Stefanini, Rafe</mx:subfield><mx:subfield code="t">I've got no honey baby now</mx:subfield></mx:datafield><mx:datafield ind1="1" ind2=" " tag="700"><mx:subfield code="a">Stephens, Jeremy</mx:subfield><mx:subfield code="t">Hard times</mx:subfield></mx:datafield><mx:datafield ind1="1" ind2=" " tag="700"><mx:subfield code="a">Thompson, Joe</mx:subfield><mx:subfield code="t">Old corn liquor</mx:subfield></mx:datafield><mx:datafield ind1="1" ind2=" " tag="700"><mx:subfield code="a">Blake, Norman</mx:subfield><mx:subfield code="t">Hello stranger / Norman &amp; Nancy Blake</mx:subfield></mx:datafield><mx:datafield ind1="1" ind2=" " tag="700"><mx:subfield code="a">Boggs, Dock</mx:subfield><mx:subfield code="t">Wise county jail</mx:subfield></mx:datafield><mx:datafield ind1="1" ind2=" " tag="700"><mx:subfield code="a">Shiflett, Karl</mx:subfield><mx:subfield code="t">The trail of the ancients / Karl Shiflett &amp; Big Country Show</mx:subfield></mx:datafield><mx:datafield ind1="2" ind2=" " tag="710"><mx:subfield code="a">The Clinch Mountain Boys</mx:subfield></mx:datafield><mx:datafield ind1="2" ind2=" " tag="710"><mx:subfield code="a">Laurel Canyon Ramblers</mx:subfield><mx:subfield code="t">Happy I'll be</mx:subfield></mx:datafield><mx:datafield ind1="2" ind2=" " tag="710"><mx:subfield code="a">The Cox Family</mx:subfield><mx:subfield code="t">Another lonesome morning</mx:subfield></mx:datafield><mx:datafield ind1="2" ind2=" " tag="710"><mx:subfield code="a">Blue Highway</mx:subfield><mx:subfield code="t">Still climbing mountains</mx:subfield></mx:datafield><mx:datafield ind1="2" ind2=" " tag="710"><mx:subfield code="a">Bluegrass Album Band</mx:subfield><mx:subfield code="t">River of death</mx:subfield></mx:datafield><mx:datafield ind1="0" ind2=" " tag="740"><mx:subfield code="a">2 coats</mx:subfield></mx:datafield></mx:record><hs activity="insert">DKDLA</hs></marc21></of:formatResponse></SOAP-ENV:Body></SOAP-ENV:Envelope>
